% IOT

@book{Kopetz2011,
  author    = {Hermann Kopetz},
  title     = {{Real-Time Systems - Design Principles for Distributed Embedded Applications}},
  series    = {Real-Time Systems Series},
  publisher = {Springer},
  year      = {2011},
  url       = {http://dx.doi.org/10.1007/978-1-4419-8237-7},
  doi       = {10.1007/978-1-4419-8237-7},
  isbn      = {978-1-4419-8236-0},
  timestamp = {Mon, 13 Oct 2014 17:58:14 +0200},
  biburl    = {http://dblp.uni-trier.de/rec/bib/books/sp/Kopetz11},
  bibsource = {dblp computer science bibliography, http://dblp.org}
}

@inproceedings{iot-layers2012,
  author    = {Rafiullah Khan and
               Sarmad Ullah Khan and
               Rifaqat Zaheer and
               Shahid Khan},
  title     = {{Future Internet: The Internet of Things Architecture, Possible Applications
               and Key Challenges}},
  booktitle = {10th International Conference on Frontiers of Information Technology,
               {FIT} 2012},
  pages     = {257--260},
  year      = {2012},
  url       = {http://dx.doi.org/10.1109/FIT.2012.53},
  doi       = {10.1109/FIT.2012.53},
  timestamp = {Tue, 04 Nov 2014 18:50:17 +0100},
  biburl    = {http://dblp.uni-trier.de/rec/bib/conf/fit/KhanKZK12},
  bibsource = {dblp computer science bibliography, http://dblp.org}
}

@inproceedings{iot-layers2010,
  title={{Research on the Architecture of Internet of Things}},
  author={Wu, Miao and Lu, Ting-lie and Ling, Fei-Yang and Sun, Ling and Du, Hui-Ying},
  booktitle={Advanced Computer Theory and Engineering (ICACTE), 2010 3rd International Conference on},
  volume={5},
  pages={V5--484},
  year={2010},
  organization={IEEE}
}


@misc{iot-phrase-1,
  title = {{``The Internet of Things'': What the Man Who Coined the Phrase Has to Say}},
  author = {Charlotte Simmonds},
  howpublished = {www.theguardian.com/sustainable-business/2015/feb/27/the-internet-of-things-what-the-man-who-coined-the-phrase-has-to-say},
  note = {Accessed: 2016-03-31},
  year = {2015}
}

@misc{iot-phrase-2,
  title = {{That ``Internet of Things'' Thing\\}},
  author={Kevin Ashton},
  howpublished = {http://www.rfidjournal.com/articles/view?4986},
  note = {Accessed: 2016-03-31},
  year = {2009}
}

@misc{iot-gartner,
  title = {{Gartner Says 6.4 Billion Connected ``Things'' Will Be in Use in 2016, Up 30 Percent From 2015}},
  author = {Gartner},
  howpublished = {http://www.gartner.com/newsroom/id/3165317},
  note = {Accessed: 2016-03-31}
}

@article{Jing2014,
  author    = {Qi Jing and
               Athanasios V. Vasilakos and
               Jiafu Wan and
               Jingwei Lu and
               Dechao Qiu},
  title     = {Security of the Internet of Things: perspectives and challenges},
  journal   = {Wireless Networks},
  volume    = {20},
  number    = {8},
  pages     = {2481--2501},
  year      = {2014},
  url       = {http://dx.doi.org/10.1007/s11276-014-0761-7},
  doi       = {10.1007/s11276-014-0761-7},
  timestamp = {Fri, 17 Oct 2014 15:20:34 +0200},
  biburl    = {http://dblp.uni-trier.de/rec/bib/journals/winet/JingVWLQ14},
  bibsource = {dblp computer science bibliography, http://dblp.org}
}


% Formal security analysis

@article{dolev1983security,
  author    = {Danny Dolev and
               Andrew Chi{-}Chih Yao},
  title     = {{On the Security of Public Key Protocols}},
  journal   = {{IEEE} Trans. Information Theory},
  volume    = {29},
  number    = {2},
  pages     = {198--207},
  year      = {1983},
  url       = {http://dx.doi.org/10.1109/TIT.1983.1056650},
  doi       = {10.1109/TIT.1983.1056650},
  timestamp = {Wed, 09 Mar 2016 15:07:31 +0100},
  biburl    = {http://dblp.uni-trier.de/rec/bib/journals/tit/DolevY83},
  bibsource = {dblp computer science bibliography, http://dblp.org}
}

@article{burrows1989logic,
  author    = {Michael Burrows and
               Mart{\'{\i}}n Abadi and
               Roger M. Needham},
  title     = {{A Logic of Authentication}},
  journal   = {{ACM} Trans. Comput. Syst.},
  volume    = {8},
  number    = {1},
  pages     = {18--36},
  year      = {1990},
  url       = {http://doi.acm.org/10.1145/77648.77649},
  doi       = {10.1145/77648.77649},
  timestamp = {Mon, 03 Apr 2006 11:14:09 +0200},
  biburl    = {http://dblp.uni-trier.de/rec/bib/journals/tocs/BurrowsAN90},
  bibsource = {dblp computer science bibliography, http://dblp.org}
}


@article{basin2011model,
  title={{Model Checking Security Protocols}},
  author={Basin, David and Cremers, Cas J. F. and Meadows, Catherine},
  journal={Handbook of Model Checking},
  year = {2015},
  publisher = {Springer}
}

@inproceedings{cremers2009comparing,
  author    = {Cas J. F. Cremers and
               Pascal Lafourcade and
               Philippe Nadeau},
  title     = {{Comparing State Spaces in Automatic Security Protocol Analysis}},
  booktitle = {Formal to Practical Security - Papers Issued from the 2005-2008 French-Japanese
               Collaboration},
  pages     = {70--94},
  year      = {2009},
  url       = {http://dx.doi.org/10.1007/978-3-642-02002-5_5},
  doi       = {10.1007/978-3-642-02002-5_5},
  timestamp = {Fri, 03 Sep 2010 12:06:04 +0200},
  biburl    = {http://dblp.uni-trier.de/rec/bib/conf/psec/CremersLN09},
  bibsource = {dblp computer science bibliography, http://dblp.org}
}

@inproceedings{boyd1993,
  author    = {Wenbo Mao and
               Colin Boyd},
  title     = {{Towards Formal Analysis of Security Protocols}},
  booktitle = {6th {IEEE} Computer Security Foundations Workshop - CSFW'93, Proceedings},
  pages     = {147--158},
  year      = {1993},
  url       = {http://dx.doi.org/10.1109/CSFW.1993.246631},
  doi       = {10.1109/CSFW.1993.246631},
  timestamp = {Thu, 19 Sep 2013 16:43:13 +0200},
  biburl    = {http://dblp.uni-trier.de/rec/bib/conf/csfw/MaoB93},
  bibsource = {dblp computer science bibliography, http://dblp.org}
}

@book{popper2005logic,
  title={{The Logic of Scientific Discovery}},
  author={Popper, Karl},
  year={2005},
  publisher={Routledge}
}

@inproceedings{steiner1988kerberos,
  author    = {Jennifer G. Steiner and
               B. Clifford Neuman and
               Jeffrey I. Schiller},
  title     = {{Kerberos: An Authentication Service for Open Network Systems}},
  booktitle = {Proceedings of the {USENIX} Winter Conference, 1988},
  pages     = {191--202},
  year      = {1988},
  timestamp = {Thu, 15 May 2014 18:36:23 +0200},
  biburl    = {http://dblp.uni-trier.de/rec/bib/conf/usenix/SteinerNS88},
  bibsource = {dblp computer science bibliography, http://dblp.org}
}

@article{neuman1994kerberos,
  title={{Kerberos: An Authentication Service for Computer Networks}},
  author={Neuman, B Clifford and Ts' O, Theodore},
  journal={Communications Magazine, IEEE},
  volume={32},
  number={9},
  pages={33--38},
  year={1994},
  publisher={IEEE}
}

@article{needham1987authentication,
  author    = {Roger M. Needham and
               Michael D. Schroeder},
  title     = {{Authentication Revisited}},
  journal   = {Operating Systems Review},
  volume    = {21},
  number    = {1},
  pages     = {7},
  year      = {1987},
  url       = {http://doi.acm.org/10.1145/24592.24593},
  doi       = {10.1145/24592.24593},
  timestamp = {Sat, 09 Jan 2010 19:53:33 +0100},
  biburl    = {http://dblp.uni-trier.de/rec/bib/journals/sigops/NeedhamS87},
  bibsource = {dblp computer science bibliography, http://dblp.org}
}

@inproceedings{blanchet2012security,
  author    = {Bruno Blanchet},
  title     = {{Security Protocol Verification: Symbolic and Computational Models}},
  booktitle = {Principles of Security and Trust - First International Conference,
               {POST} 2012, Held as Part of the European Joint Conferences on Theory
               and Practice of Software, {ETAPS} 2012, Proceedings},
  pages     = {3--29},
  year      = {2012},
  url       = {http://dx.doi.org/10.1007/978-3-642-28641-4_2},
  doi       = {10.1007/978-3-642-28641-4_2},
  timestamp = {Fri, 23 Mar 2012 15:42:21 +0100},
  biburl    = {http://dblp.uni-trier.de/rec/bib/conf/post/Blanchet12},
  bibsource = {dblp computer science bibliography, http://dblp.org}
}

@article{cortier2011survey,
  author    = {V{\'{e}}ronique Cortier and
               Steve Kremer and
               Bogdan Warinschi},
  title     = {{A Survey of Symbolic Methods in Computational Analysis of Cryptographic
               Systems}},
  journal   = {J. Autom. Reasoning},
  volume    = {46},
  number    = {3-4},
  pages     = {225--259},
  year      = {2011},
  url       = {http://dx.doi.org/10.1007/s10817-010-9187-9},
  doi       = {10.1007/s10817-010-9187-9},
  timestamp = {Tue, 12 Apr 2011 10:07:23 +0200},
  biburl    = {http://dblp.uni-trier.de/rec/bib/journals/jar/CortierKW11},
  bibsource = {dblp computer science bibliography, http://dblp.org}
}



% Key management and establishment

@article{nist2016,
author = {Elaine Barker},
title = {{Recommendation for Key Management Part 1: General}},
year = {2016},
journal = {NIST Special Publication},
volume={800},
pages={57},
number = {4}
}

@inproceedings{Eschenauer2002,
  author    = {Laurent Eschenauer and
               Virgil D. Gligor},
  title     = {{A Key-Management Scheme for Distributed Sensor Networks}},
  booktitle = {Proceedings of the 9th {ACM} Conference on Computer and Communications
               Security, {CCS} 2002},
  pages     = {41--47},
  year      = {2002},
  url       = {http://doi.acm.org/10.1145/586110.586117},
  doi       = {10.1145/586110.586117},
  timestamp = {Fri, 09 Dec 2011 14:34:06 +0100},
  biburl    = {http://dblp.uni-trier.de/rec/bib/conf/ccs/EschenauerG02},
  bibsource = {dblp computer science bibliography, http://dblp.org}
}

@article{diffie1976new,
  author    = {Whitfield Diffie and
               Martin E. Hellman},
  title     = {{New Directions in Cryptography}},
  journal   = {{IEEE} Trans. Information Theory},
  volume    = {22},
  number    = {6},
  pages     = {644--654},
  year      = {1976},
  url       = {http://dx.doi.org/10.1109/TIT.1976.1055638},
  doi       = {10.1109/TIT.1976.1055638},
  timestamp = {Mon, 21 Mar 2016 15:17:17 +0100},
  biburl    = {http://dblp.uni-trier.de/rec/bib/journals/tit/DiffieH76},
  bibsource = {dblp computer science bibliography, http://dblp.org}
}

@inproceedings{wander2005energy,
  author    = {Arvinderpal Wander and
               Nils Gura and
               Hans Eberle and
               Vipul Gupta and
               Sheueling Chang Shantz},
  title     = {Energy Analysis of Public-Key Cryptography for Wireless Sensor Networks},
  booktitle = {3rd {IEEE} International Conference on Pervasive Computing and Communications
               (PerCom 2005)},
  pages     = {324--328},
  year      = {2005},
  url       = {http://doi.ieeecomputersociety.org/10.1109/PERCOM.2005.18},
  doi       = {10.1109/PERCOM.2005.18},
  timestamp = {Fri, 27 Nov 2015 10:04:13 +0100},
  biburl    = {http://dblp.uni-trier.de/rec/bib/conf/percom/WanderGEGS05},
  bibsource = {dblp computer science bibliography, http://dblp.org}
}

@inproceedings{gaubatz2004public,
  author    = {Gunnar Gaubatz and
               Jens{-}Peter Kaps and
               Berk Sunar},
  title     = {{Public Key Cryptography in Sensor Networks - Revisited}},
  booktitle = {Security in Ad-hoc and Sensor Networks, First European Workshop, {ESAS} 2004, Revised Selected Papers},
  pages     = {2--18},
  year      = {2004},
  url       = {http://dx.doi.org/10.1007/978-3-540-30496-8_2},
  doi       = {10.1007/978-3-540-30496-8_2},
  timestamp = {Fri, 22 Nov 2013 12:57:22 +0100},
  biburl    = {http://dblp.uni-trier.de/rec/bib/conf/esas/GaubatzKS04},
  bibsource = {dblp computer science bibliography, http://dblp.org}
}

@inproceedings{maurer1996modelling,
  author    = {Ueli M. Maurer},
  title     = {{Modelling a Public-Key Infrastructure}},
  booktitle = {Computer Security - {ESORICS} 96, 4th European Symposium on Research
               in Computer Security, Rome, Italy, September 25-27, 1996, Proceedings},
  pages     = {325--350},
  year      = {1996},
  url       = {http://dx.doi.org/10.1007/3-540-61770-1_45},
  doi       = {10.1007/3-540-61770-1_45},
  timestamp = {Mon, 10 Sep 2007 09:22:25 +0200},
  biburl    = {http://dblp.uni-trier.de/rec/bib/conf/esorics/Maurer96},
  bibsource = {dblp computer science bibliography, http://dblp.org}
}

@article{perrig2004security,
  author    = {Adrian Perrig and
               John A. Stankovic and
               David Wagner},
  title     = {{Security in Wireless Sensor Networks}},
  journal   = {Commun. {ACM}},
  volume    = {47},
  number    = {6},
  pages     = {53--57},
  year      = {2004},
  url       = {http://doi.acm.org/10.1145/990680.990707},
  doi       = {10.1145/990680.990707},
  timestamp = {Thu, 09 Feb 2006 13:19:50 +0100},
  biburl    = {http://dblp.uni-trier.de/rec/bib/journals/cacm/PerrigSW04},
  bibsource = {dblp computer science bibliography, http://dblp.org}
}


@inproceedings{durumeric2014matter,
  title={{The Matter of Heartbleed}},
  author={Durumeric, Zakir and Kasten, James and Adrian, David and Halderman, J Alex and Bailey, Michael and Li, Frank and Weaver, Nicolas and Amann, Johanna and Beekman, Jethro and Payer, Mathias and others},
  booktitle={Proceedings of the 2014 Conference on Internet Measurement Conference},
  pages={475--488},
  year={2014},
  organization={ACM}
}

@inproceedings{krawczyk2005hmqv,
  author    = {Hugo Krawczyk},
  title     = {{HMQV: A High-Performance Secure Diffie-Hellman Protocol}},
  booktitle = {Advances in Cryptology - {CRYPTO} 2005: 25th Annual International
               Cryptology Conference, Proceedings},
  pages     = {546--566},
  year      = {2005},
  url       = {http://dx.doi.org/10.1007/11535218_33},
  doi       = {10.1007/11535218_33},
  timestamp = {Fri, 04 Nov 2005 09:54:52 +0100},
  biburl    = {http://dblp.uni-trier.de/rec/bib/conf/crypto/Krawczyk05},
  bibsource = {dblp computer science bibliography, http://dblp.org}
}

@article{liu2005establishing,
  author    = {Donggang Liu and
               Peng Ning and
               Rongfang Li},
  title     = {{Establishing Pairwise Keys in Distributed Sensor Networks}},
  journal   = {{ACM} Trans. Inf. Syst. Secur.},
  volume    = {8},
  number    = {1},
  pages     = {41--77},
  year      = {2005},
  url       = {http://doi.acm.org/10.1145/1053283.1053287},
  doi       = {10.1145/1053283.1053287},
  timestamp = {Thu, 09 Feb 2006 13:50:27 +0100},
  biburl    = {http://dblp.uni-trier.de/rec/bib/journals/tissec/LiuNL05},
  bibsource = {dblp computer science bibliography, http://dblp.org}
}

@article{bos2014elliptic,
  author    = {Joppe W. Bos and
               J. Alex Halderman and
               Nadia Heninger and
               Jonathan Moore and
               Michael Naehrig and
               Eric Wustrow},
  title     = {{Elliptic Curve Cryptography in Practice}},
  journal   = {{IACR} Cryptology ePrint Archive},
  volume    = {2013},
  pages     = {734},
  year      = {2013},
  url       = {http://eprint.iacr.org/2013/734},
  timestamp = {Wed, 01 Jan 2014 19:22:47 +0100},
  biburl    = {http://dblp.uni-trier.de/rec/bib/journals/iacr/BosHHMNW13},
  bibsource = {dblp computer science bibliography, http://dblp.org}
}

@article{johnson2001elliptic,
  author    = {Don Johnson and
               Alfred Menezes and
               Scott A. Vanstone},
  title     = {{The Elliptic Curve Digital Signature Algorithm (ECDSA)}},
  journal   = {Int. J. Inf. Sec.},
  volume    = {1},
  number    = {1},
  pages     = {36--63},
  year      = {2001},
  url       = {http://dx.doi.org/10.1007/s102070100002},
  doi       = {10.1007/s102070100002},
  timestamp = {Fri, 21 Jan 2005 13:56:10 +0100},
  biburl    = {http://dblp.uni-trier.de/rec/bib/journals/ijisec/JohnsonMV01},
  bibsource = {dblp computer science bibliography, http://dblp.org}
}


@misc{samsung-lens,
  title = {{Samsung patent reveals ``smart'' contact lens with built-in camera}},
  author = {Danny Yadron},
  howpublished = {\url{https://www.theguardian.com/technology/2016/apr/06/samsung-smart-contact-lens-camera-patent}},
  note = {Accessed: 2016-05-04}
}

@misc{sony-lens,
  title = {{Sony files to patent new contact lenses that can record video, store it, play it back - and adjust zoom, focus and aperture automatically}},
  author = {Clemence Michallon},
  howpublished = {\url{http://www.dailymail.co.uk/sciencetech/article-3567402/Sony-patent-application-reveals-new-contact-lenses-record-video-store-play-adjust-zoom-focus-aperture-automatically.html}},
  note = {Accessed: 2016-05-04}
}

@article{Roman2011147,
  author    = {Rodrigo Roman and
               Cristina Alcaraz and
               Javier Lopez and
               Nicolas Sklavos},
  title     = {{Key Management Systems for Sensor Networks in the Context of the Internet
               of Things}},
  journal   = {Computers {\&} Electrical Engineering},
  volume    = {37},
  number    = {2},
  pages     = {147--159},
  year      = {2011},
  url       = {http://dx.doi.org/10.1016/j.compeleceng.2011.01.009},
  doi       = {10.1016/j.compeleceng.2011.01.009},
  timestamp = {Thu, 19 May 2011 16:19:01 +0200},
  biburl    = {http://dblp.uni-trier.de/rec/bib/journals/cee/RomanALS11},
  bibsource = {dblp computer science bibliography, http://dblp.org}
}

@book{hankerson2006guide,
  title={{Guide to Elliptic Curve Cryptography}},
  author={Hankerson, Darrel and Menezes, Alfred J and Vanstone, Scott},
  year={2006},
  publisher={Springer Science \& Business Media}
}


% 802.15.4

@inproceedings{sastry2004security,
  author    = {Naveen Sastry and
               David Wagner},
  title     = {{Security Considerations for IEEE 802.15.4 Networks}},
  booktitle = {Proceedings of the 2004 {ACM} Workshop on Wireless Security},
  pages     = {32--42},
  year      = {2004},
  url       = {http://doi.acm.org/10.1145/1023646.1023654},
  doi       = {10.1145/1023646.1023654},
  timestamp = {Wed, 15 Feb 2006 10:03:52 +0100},
  biburl    = {http://dblp.uni-trier.de/rec/bib/conf/ws/SastryW04},
  bibsource = {dblp computer science bibliography, http://dblp.org}
}

@article{gutierrez2001ieee,
  title={{IEEE 802.15.4: A Developing Standard for Low-power Low-cost Wireless Personal Area Networks}},
  author={Gutierrez, Jose A and Naeve, Marco and Callaway, Ed and Bourgeois, Monique and Mitter, Vinay and Heile, Bob},
  journal={network, IEEE},
  volume={15},
  number={5},
  pages={12--19},
  year={2001},
  publisher={IEEE}
}



% 6LoWPAN

@inproceedings{Mulligan2007,
  author    = {Geoff Mulligan},
  title     = {{The 6LoWPAN architecture}},
  booktitle = {Proceedings of the 4th Workshop on Embedded Networked Sensors, EmNets
               2007},
  pages     = {78--82},
  year      = {2007},
  url       = {http://doi.acm.org/10.1145/1278972.1278992},
  doi       = {10.1145/1278972.1278992},
  timestamp = {Fri, 25 Apr 2008 07:24:37 +0200},
  biburl    = {http://dblp.uni-trier.de/rec/bib/conf/emnets/Mulligan07},
  bibsource = {dblp computer science bibliography, http://dblp.org}
}

@techreport{rfc6282,
   author={Hui, Jonathan and Thubert, Pascal},
   title={{Compression Format for IPv6 Datagrams over IEEE 802.15.4-Based Networks}},
   type="{RFC}",
   number={6282},
   year={2011},
   institution = "{Internet Engineering Task Force (IETF)}",
   address={https://tools.ietf.org/html/rfc6282},
}

@article{olsson20146lowpan,
  title={{6LoWPAN Demystified}},
  author={Olsson, Jonas},
  journal={Texas Instruments},
  volume={29},
  pages={2015},
  year={2014},
  note = {\url{http://www.ti.com/lit/wp/swry013/swry013.pdf}}
}


% Scyther

@article{Needham:1978,
  author    = {Roger M. Needham and
               Michael D. Schroeder},
  title     = {{Using Encryption for Authentication in Large Networks of Computers}},
  journal   = {Commun. {ACM}},
  volume    = {21},
  number    = {12},
  pages     = {993--999},
  year      = {1978},
  url       = {http://doi.acm.org/10.1145/359657.359659},
  doi       = {10.1145/359657.359659},
  timestamp = {Tue, 07 Jun 2011 16:51:16 +0200},
  biburl    = {http://dblp.uni-trier.de/rec/bib/journals/cacm/NeedhamS78},
  bibsource = {dblp computer science bibliography, http://dblp.org}
}

@inproceedings{lowe1996,
  author    = {Gavin Lowe},
  title     = {{Breaking and Fixing the Needham-Schroeder Public-Key Protocol Using
               FDR}},
  booktitle = {Tools and Algorithms for Construction and Analysis of Systems, Second
               International Workshop, {TACAS} 1996, Proceedings},
  pages     = {147--166},
  year      = {1996},
  url       = {http://dx.doi.org/10.1007/3-540-61042-1_43},
  doi       = {10.1007/3-540-61042-1_43},
  timestamp = {Wed, 15 Jun 2011 15:39:17 +0200},
  biburl    = {http://dblp.uni-trier.de/rec/bib/conf/tacas/Lowe96},
  bibsource = {dblp computer science bibliography, http://dblp.org}
}

@inproceedings{lowe1997hierarchy,
  author    = {Gavin Lowe},
  title     = {{A Hierarchy of Authentication Specification}},
  booktitle = {10th Computer Security Foundations Workshop {(CSFW} '97)},
  pages     = {31--44},
  year      = {1997},
  url       = {http://dx.doi.org/10.1109/CSFW.1997.596782},
  doi       = {10.1109/CSFW.1997.596782},
  timestamp = {Fri, 13 May 2016 11:53:03 +0200},
  biburl    = {http://dblp.uni-trier.de/rec/bib/conf/csfw/Lowe97a},
  bibsource = {dblp computer science bibliography, http://dblp.org}
}

@book{ryan2001modelling,
  author    = {Peter Y. A. Ryan and
               Steve A. Schneider},
  title     = {{Modelling and Analysis of Security Protocols}},
  publisher = {Addison-Wesley-Longman},
  year      = {2001},
  isbn      = {978-0-201-67471-2},
  timestamp = {Fri, 25 Mar 2011 14:10:48 +0100},
  biburl    = {http://dblp.uni-trier.de/rec/bib/books/daglib/0009544},
  bibsource = {dblp computer science bibliography, http://dblp.org}
}

@inproceedings{cremers2003defining,
  title={{Defining Authentication in a Trace Model}},
  author={Cremers, Cas J. F. and Mauw, Sjouke and De Vink, EP},
  year={2003},
  booktitle = {1st International Workshop on Formal Aspects in Security and Trust (FAST '03)}
}

@inproceedings{cremers2005operational,
  author    = {Cas J. F. Cremers and Sjouke Mauw},
  title     = {{Operational Semantics of Security Protocols}},
  booktitle = {Scenarios: Models, Transformations and Tools, International Workshop, 2003, Revised Selected Papers},
  pages     = {66--89},
  year      = {2003},
  url       = {http://dx.doi.org/10.1007/11495628_4},
  doi       = {10.1007/11495628_4},
  timestamp = {Thu, 27 Oct 2005 15:04:56 +0200},
  biburl    = {http://dblp.uni-trier.de/rec/bib/conf/dagstuhl/CremersM03},
  bibsource = {dblp computer science bibliography, http://dblp.org}
}

@article{cremers2006injective,
  author    = {Cas J. F. Cremers and
               Sjouke Mauw and
               Erik P. de Vink},
  title     = {{Injective Synchronisation: An Extension of the Authentication Hierarchy}},
  journal   = {Theor. Comput. Sci.},
  volume    = {367},
  number    = {1-2},
  pages     = {139--161},
  year      = {2006},
  url       = {http://dx.doi.org/10.1016/j.tcs.2006.08.034},
  doi       = {10.1016/j.tcs.2006.08.034},
  timestamp = {Tue, 21 Nov 2006 15:21:36 +0100},
  biburl    = {http://dblp.uni-trier.de/rec/bib/journals/tcs/CremersMV06},
  bibsource = {dblp computer science bibliography, http://dblp.org}
}

@phdthesis{cremers2006scyther,
  Author    = {Cas J. F. Cremers},
  Title     = {{Scyther - Semantics and Verification of Security Protocols}},
  School    = {Eindhoven University of Technology},
  Publisher = {University Press Eindhoven},
  Year      = {2006},
  Type      = {{Ph.D.} dissertation},
  ISBN      = {978-90-386-0804-4},
}

@inproceedings{cremers2008scyther,
  author    = {Cas J. F. Cremers},
  title     = {{The Scyther Tool: Verification, Falsification, and Analysis of Security
               Protocols}},
  booktitle = {Computer Aided Verification, 20th International Conference, {CAV} 2008, Proceedings},
  pages     = {414--418},
  year      = {2008},
  url       = {http://dx.doi.org/10.1007/978-3-540-70545-1_38},
  doi       = {10.1007/978-3-540-70545-1_38},
  timestamp = {Tue, 08 Jul 2008 14:46:07 +0200},
  biburl    = {http://dblp.uni-trier.de/rec/bib/conf/cav/Cremers08},
  bibsource = {dblp computer science bibliography, http://dblp.org}
}

@inproceedings{cremers2008unbounded,
  author    = {Cas J. F. Cremers},
  title     = {{Unbounded Verification, Falsification, and Characterization of Security
               Protocols by Pattern Refinement}},
  booktitle = {Proceedings of the 2008 {ACM} Conference on Computer and Communications
               Security, {CCS} 2008},
  pages     = {119--128},
  year      = {2008},
  url       = {http://doi.acm.org/10.1145/1455770.1455787},
  doi       = {10.1145/1455770.1455787},
  timestamp = {Tue, 11 Nov 2008 10:40:33 +0100},
  biburl    = {http://dblp.uni-trier.de/rec/bib/conf/ccs/Cremers08a},
  bibsource = {dblp computer science bibliography, http://dblp.org}
}


@manual{scyther-manual,
author = {Cas J. F. Cremers},
title = {{Scyther User Manual}},
date = {February 18, 2014},
language = {English},
version = {Draft},
organization = {Oxford University},
pagetotal = {52},
pubstate = {February 18, 2014},
year = {2014}
}

@inproceedings{cremers2014improving,
  author    = {Cas J. F. Cremers and Marko Horvat},
  title     = {{Improving the {ISO/IEC} 11770 Standard for Key Management Techniques}},
  booktitle = {Security Standardisation Research - First International Conference,
               {SSR} 2014, Proceedings},
  pages     = {215--235},
  year      = {2014},
  url       = {http://dx.doi.org/10.1007/978-3-319-14054-4_13},
  doi       = {10.1007/978-3-319-14054-4_13},
  timestamp = {Fri, 11 Sep 2015 07:53:31 +0200},
  biburl    = {http://dblp.uni-trier.de/rec/bib/conf/secsr/CremersH14},
  bibsource = {dblp computer science bibliography, http://dblp.org}
}

@inproceedings{meier2013tamarin,
  author    = {Simon Meier and
               Benedikt Schmidt and
               Cas J. F. Cremers and
               David A. Basin},
  title     = {{The TAMARIN Prover for the Symbolic Analysis of Security Protocols}},
  booktitle = {Computer Aided Verification - 25th International Conference, {CAV} 2013. Proceedings},
  pages     = {696--701},
  year      = {2013},
  url       = {http://dx.doi.org/10.1007/978-3-642-39799-8_48},
  doi       = {10.1007/978-3-642-39799-8_48},
  timestamp = {Fri, 12 Jul 2013 13:57:42 +0200},
  biburl    = {http://dblp.uni-trier.de/rec/bib/conf/cav/MeierSCB13},
  bibsource = {dblp computer science bibliography, http://dblp.org}
}

@incollection{basin2010modeling,
  title={{Modeling and Analyzing Security in the Presence of Compromising Adversaries}},
  author={David Basin and Cas J. F. Cremers},
  booktitle={Computer Security--ESORICS 2010},
  pages={340--356},
  year={2010},
  publisher={Springer}
}

% Paper 1 - Krentz 6Lowpan security


@inproceedings{anderson1996tamper,
  title={{Tamper Resistance - A Cautionary Note}},
  author={Anderson, Ross and Kuhn, Markus},
  booktitle={Proceedings of the second Usenix workshop on electronic commerce},
  volume={2},
  pages={1--11},
  year={1996}
}

@inproceedings{zhu2006leap+,
  author    = {Sencun Zhu and
               Sanjeev Setia and
               Sushil Jajodia},
  title     = {{LEAP: Efficient Security Mechanisms for Large-Scale Distributed
               Sensor Networks}},
  booktitle = {Proceedings of the 10th {ACM} Conference on Computer and Communications
               Security, {CCS} 2003},
  pages     = {62--72},
  year      = {2003},
  url       = {http://doi.acm.org/10.1145/948109.948120},
  doi       = {10.1145/948109.948120},
  timestamp = {Fri, 09 Dec 2011 14:34:06 +0100},
  biburl    = {http://dblp.uni-trier.de/rec/bib/conf/ccs/ZhuSJ03},
  bibsource = {dblp computer science bibliography, http://dblp.org}
}

@inproceedings{blom1984optimal,
  author    = {Rolf Blom},
  title     = {{An Optimal Class of Symmetric Key Generation Systems}},
  booktitle = {Advances in Cryptology: Proceedings of {EUROCRYPT} 84, {A} Workshop
               on the Theory and Application of of Cryptographic Techniques, 1984, Proceedings},
  pages     = {335--338},
  year      = {1984},
  url       = {http://dx.doi.org/10.1007/3-540-39757-4_22},
  doi       = {10.1007/3-540-39757-4_22},
  timestamp = {Fri, 23 Dec 2011 14:54:26 +0100},
  biburl    = {http://dblp.uni-trier.de/rec/bib/conf/eurocrypt/Blom84},
  bibsource = {dblp computer science bibliography, http://dblp.org}
}

@inproceedings{chan2003random,
  author    = {Haowen Chan and
               Adrian Perrig and
               Dawn Xiaodong Song},
  title     = {{Random Key Predistribution Schemes for Sensor Networks}},
  booktitle = {2003 {IEEE} Symposium on Security and Privacy (S{\&}P 2003)},
  pages     = {197},
  year      = {2003},
  url       = {http://dx.doi.org/10.1109/SECPRI.2003.1199337},
  doi       = {10.1109/SECPRI.2003.1199337},
  timestamp = {Thu, 08 Jan 2015 16:59:42 +0100},
  biburl    = {http://dblp.uni-trier.de/rec/bib/conf/sp/ChanPS03},
  bibsource = {dblp computer science bibliography, http://dblp.org}
}



% Protocol papers

@inproceedings{krentz20136lowpan,
  author    = {Konrad{-}Felix Krentz and
               Hosnieh Rafiee and
               Christoph Meinel},
  title     = {{6LoWPAN Security: Adding Compromise Resilience to the 802.15.4 Security
               Sublayer}},
  booktitle = {Proceedings of the International Workshop on Adaptive Security, ASPI@UbiComp
               2013},
  pages     = {1:1--1:10},
  year      = {2013},
  url       = {http://doi.acm.org/10.1145/2523501.2523502},
  doi       = {10.1145/2523501.2523502},
  timestamp = {Tue, 26 Apr 2016 18:48:23 +0200},
  biburl    = {http://dblp.uni-trier.de/rec/bib/conf/huc/KrentzRM13},
  bibsource = {dblp computer science bibliography, http://dblp.org}
}

@inproceedings{krentz20146lowpan,
  author    = {Konrad{-}Felix Krentz and
               Gerhard Wunder},
  title     = {{6LoWPAN Security: Avoiding Hidden Wormholes using Channel Reciprocity}},
  booktitle = {Proceedings of the 4th International Workshop on Trustworthy Embedded
               Devices, TrustED '14, 2014},
  pages     = {13--22},
  year      = {2014},
  url       = {http://doi.acm.org/10.1145/2666141.2666143},
  doi       = {10.1145/2666141.2666143},
  timestamp = {Wed, 06 May 2015 10:14:04 +0200},
  biburl    = {http://dblp.uni-trier.de/rec/bib/conf/ccs/KrentzW14},
  bibsource = {dblp computer science bibliography, http://dblp.org}
}

@inproceedings{krentz2015handling,
  author    = {Konrad{-}Felix Krentz and
               Christoph Meinel},
  title     = {{Handling Reboots and Mobility in 802.15.4 Security}},
  booktitle = {Proceedings of the 31st Annual Computer Security Applications Conference, 2015},
  pages     = {121--130},
  year      = {2015},
  url       = {http://doi.acm.org/10.1145/2818000.2818002},
  doi       = {10.1145/2818000.2818002},
  timestamp = {Tue, 15 Dec 2015 16:46:09 +0100},
  biburl    = {http://dblp.uni-trier.de/rec/bib/conf/acsac/KrentzM15},
  bibsource = {dblp computer science bibliography, http://dblp.org}
}

@inproceedings{dunkels2004contiki,
  author    = {Adam Dunkels and
               Bj{\"{o}}rn Gr{\"{o}}nvall and
               Thiemo Voigt},
  title     = {{Contiki - A Lightweight and Flexible Operating System for Tiny Networked
               Sensors}},
  booktitle = {29th Annual {IEEE} Conference on Local Computer Networks {(LCN} 2004),
               16-18 November 2004, Tampa, FL, USA, Proceedings},
  pages     = {455--462},
  year      = {2004},
  url       = {http://dx.doi.org/10.1109/LCN.2004.38},
  doi       = {10.1109/LCN.2004.38},
  timestamp = {Wed, 10 Dec 2014 18:26:33 +0100},
  biburl    = {http://dblp.uni-trier.de/rec/bib/conf/lcn/DunkelsGV04},
  bibsource = {dblp computer science bibliography, http://dblp.org}
}

@techreport{levis2011trickle,
   author={Levis, Philip and Clausen, T and Hui, Jonathan and Gnawali, Omprakash and Ko, J},
   title={{The Trickle Algorithm}},
   type="{RFC}",
   number={6206},
   year = {2011},
   institution = "{Internet Engineering Task Force (IETF)}",
   address={https://tools.ietf.org/html/rfc6206},
}


@inproceedings{hussen2013sakes,
  title={{SAKES: Secure Authentication and Key Establishment Scheme for M2M Communication in the IP-Based Wireless Sensor Network (6LoWPAN)}},
  author={Hussen, Hassen Redwan and Tizazu, Gebere Akele and Ting, Miao and Lee, Taekkyeun and Choi, Youngjun and Kim, Ki-Hyung},
  booktitle={Ubiquitous and Future Networks (ICUFN), 2013 Fifth International Conference on},
  pages={246--251},
  year={2013},
  organization={IEEE}
}






% RELATED WORK

@inproceedings{Cremers2011,
  author    = {Cas J. F. Cremers},
  title     = {{Key Exchange in IPsec Revisited: Formal Analysis of IKEv1 and IKEv2}},
  booktitle = {Computer Security - {ESORICS} 2011 - 16th European Symposium on Research
               in Computer Security. Proceedings},
  pages     = {315--334},
  year      = {2011},
  url       = {http://dx.doi.org/10.1007/978-3-642-23822-2_18},
  doi       = {10.1007/978-3-642-23822-2_18},
  timestamp = {Wed, 21 Sep 2011 18:09:00 +0200},
  biburl    = {http://dblp.uni-trier.de/rec/bib/conf/esorics/Cremers11},
  bibsource = {dblp computer science bibliography, http://dblp.org}
}

@article{andova2008framework,
  author    = {Suzana Andova and
               Cas J. F. Cremers and
               Kristian Gj{\o}steen and
               Sjouke Mauw and
               Stig Fr. Mj{\o}lsnes and
               Sasa Radomirovic},
  title     = {{A Framework for Compositional Verification of Security Protocols}},
  journal   = {Inf. Comput.},
  volume    = {206},
  number    = {2-4},
  pages     = {425--459},
  year      = {2008},
  url       = {http://dx.doi.org/10.1016/j.ic.2007.07.002},
  doi       = {10.1016/j.ic.2007.07.002},
  timestamp = {Sun, 15 Jun 2008 21:59:04 +0200},
  biburl    = {http://dblp.uni-trier.de/rec/bib/journals/iandc/AndovaCGMMR08},
  bibsource = {dblp computer science bibliography, http://dblp.org}
}




% Tools and Technologies

@misc{proverif,
  title = {{ProVerif}},
  author = {Bruno Blanchet},
  howpublished = {\url{http://prosecco.gforge.inria.fr/personal/bblanche/proverif/}},
  note = {Accessed: 2016-02-23}
}

@manual{avispa,
  title = {{AVISPA}},
  organization = {AVISPA Project},
  address = {\url{http://www.avispa-project.org/}},
  note = {Accessed: 2016-02-23}
}

@misc{scyther,
  title = {{Scyther}},
  author = {Cremers, Cas J. F.},
  howpublished = {\url{https://www.cs.ox.ac.uk/people/cas.cremers/scyther/index.html}},
  note = {Accessed: 2016-02-23}
}

@manual{zigbee,
  organization = {The Zigbee Alliance},
  title = {{Zigbee}},
  address = {\url{http://www.zigbee.org/}},
  note = {Accessed: 2016-04-15}
}

@manual{wirelesshart,
  organization = {HART Communication Foundation},
  title = {Wireless{HART}},
  address = {\url{http://en.hartcomm.org/main_article/wirelesshart.html}},
  note = {Accessed: 2016-04-15},
}

@manual{miwi,
  title = {{MiWi}},
  organization = {Microchip Technology},
  address = {\url{http://www.microchip.com/wwwAppNotes/AppNotes.aspx?appnote=en536181}},
  note = {Accessed: 2016-04-15}
}



@manual{isa100,
	title= {ISA100.11a},
	organization = {International Society of Automation},
	address = {\url{http://www.nivis.com/technology/ISA100.11a.php}},
	note = {Accessed: 2016-04-15}
}



